% This file was created with JabRef 2.6.
% Encoding: UTF-8



@article{LIPTON:1971:1,
	title={Fault diagnosis of computer programs},
	author={Lipton, RJ},
	journal={Student Report, Carnegie Mellon University},
	year={1971}
}

@article{WOODWARD:1993:1,
	title={Mutation testingâ€”its origin and evolution},
	author={Martin Woodward},
	journal={Information and Software Technology},
	volume={35},
	number={3},
	pages={163--169},
	year={1993}
}

@article{OFFUTT:1994:1,
  title={Using compiler optimization techniques to detect equivalent mutants},
  author={Offutt, A Jefferson and Craft, W Michael},
  journal={Software Testing, Verification and Reliability},
  volume={4},
  number={3},
  pages={131--154},
  year={1994},
  publisher={Wiley Online Library}
}

@incollection{OFFUTT:2001:1,
	title={Mutation 2000: Uniting the orthogonal},
	author={Jeff Offutt and Roland Untch},
	booktitle={Mutation testing for the new century},
	pages={34--44},
	year={2001},
	publisher={Springer}
}

@article{DEMILLO:1978:1,
	author = { Richard DeMillo and Richard Lipton and Frederick Sayward },
	title = { Hints on Test Data Selection: Help for the Practicing Programmer },
	journal = { Computer },
	volume = { 11 },
	number = { 4 },
	year = { 1978 },
	pages = { 34--41 }
}

@article{SOARES:2013:1,
	title = { Automated behavioral testing of refactoring engines },
	author = { Gustavo Soares and Rohit Gheyi and Tiago Massoni },
	journal = { IEEE Transactions on Software Engineering },
	volume = { 39 },
	number = { 2 },
	pages = { 147--162 },
	year = { 2013 }
}

@article{SOARES:2010:1,
	title = { Making program refactoring safer },
	author = { Gustavo Soares and Rohit Gheyi and Dalton Serey and Tiago Massoni },
	journal = { IEEE software },
	volume = { 27 },
	number = { 4 },
	pages = { 52--57 },
	year = { 2010 }
}

@inproceedings{DELAMARO:1996:01,
	author    = "Delamaro, M\'{a}rcio Eduardo and Maldonado, Jos\'{e} Carlos",
	title     = "Proteum-{A} Tool for the Assessment of Test Adequacy for {C} Programs",
	booktitle = "Proceedings of the Conference on Performability in Computing Systems", 
	pages     = "79-95",
	year      = "1996"
}

@inproceedings{KURTZ:2016:1,
	title={Are we there yet? How redundant and equivalent mutants affect determination of test completeness},
	author={Kurtz, Bob and Ammann, Paul and Offutt, Jeff and Kurtz, Mariet},
	booktitle={Software Testing, Verification and Validation Workshops (ICSTW), IEEE International Conference on},
	pages={142--151},
	year={2016}
}

@inproceedings{MONGIOVI:2014:1,
	title = { Scaling testing of refactoring engines },
	author = { Melina Mongiovi and Gustavo Mendes and Rohit Gheyi and Gustavo Soares and M{\'a}rcio Ribeiro },
	booktitle = { Software Maintenance and Evolution (ICSME), IEEE International Conference on },
	pages = { 371--380 },
	year = { 2014 }
}

@inproceedings{JIA:2008:1,
	title={Constructing subtle faults using higher order mutation testing},
	author={Jia, Yue and Harman, Mark},
	booktitle={Source Code Analysis and Manipulation,  IEEE International Working Conference on},
	pages={249--258},
	year={2008}
}

@article{OFFUTT:2005:1,
	title = { MuJava: An automated class mutation system },
	author = { Yu-Seung Ma and Jeff Offutt and Yong Rae Kwon },
	journal = { Software Testing, Verification and Reliability },
	volume = { 15 },
	number = { 2 },
	pages = { 97--133 },
	year = { 2005 }
}

@article{HIERONS:1999:1,
	title = { Using program slicing to assist in the detection of equivalent mutants },
	author = { Rob Hierons and Mark Harman and Sebastian Danicic },
	journal = { Software Testing, Verification and Reliability },
	volume = { 9 },
	number = { 4 },
	pages = { 233--262 },
	year = { 1999 }
}

@article{OFFUT:1997:1,
	author = { Jeff Offutt and Jie Pan },
	title = { Automatically detecting equivalent mutants and infeasible paths },
	journal = { Software Testing, Verification and Reliability },
	volume = { 7 },
	number = { 3 },
	pages = { 165--192 },
	year = { 1997 }
}

@article{KINTIS:2017:1,
	author = { Marinos Kintis and Mike Papadakis and Yue Jia and Nicos Malevris and Yves Le Traon and Mark Harman },
	journal = { IEEE Transactions on Software Engineering },
	title = { Detecting Trivial Mutant Equivalences via Compiler Optimisations },
	year = { 2017 },
	volume = { PP },
	number = { 99 },
	pages = { 1-1 }
}

@article{KINTIS:2015:1,
	title = { MEDIC: A static analysis framework for equivalent mutant identification },
	journal = { Information and Software Technology },
	volume = { 68 },
	number = {  },
	pages = { 1 - 17 },
	year = { 2015 },
	author = { Marinos Kintis and Nicos Malevris }
}

@article{JIA:2011:1,
	author = { Yue Jia and Mark Harman },
	title = { An Analysis and Survey of the Development of Mutation Testing },
	journal = { IEEE Transactions on Software Engineering },
	volume = { 37 },
	number = { 5 },
	year = { 2011 },
	pages = { 649--678 }
}

@article{MADEYISKI:2014:1,
	author = { Lech Madeyski and Wojciech Orzeszyna and Richard Torkar and Mariusz Jozala },
	title = { Overcoming the Equivalent Mutant Problem: A Systematic Literature Review and a Comparative Experiment of Second Order Mutation },
	journal = { IEEE Transactions on Software Engineering },
	volume = { 40 },
	number = { 1 },
	year = { 2014 },
	pages = { 23--42 }
}

@article{SHULER:2013:1,
	author = { David Schuler and Andreas Zeller },
	title = { Covering and Uncovering Equivalent Mutants },
	journal = { Software Testing, Verification and Reliability },
	volume = { 23 },
	number = { 5 },
	pages = { 353--374 },
	year = { 2013 }
}

@inproceedings{AMMAN:2014:1,
	author = { Paul Ammann and Marcio Eduardo Delamaro and Jeff Offutt },
	title = { Establishing Theoretical Minimal Sets of Mutants },
	booktitle = { Proceedings of the 2014 IEEE International Conference on Software Testing, Verification, and Validation },
	year = { 2014 },
	pages = { 21--30 }
}

@phdthesis{ACREE:1980:1,
	author = { Allen Troy Acree, Jr. },
	title = { On Mutation },
	year = { 1980 },
	school = { Georgia Institute of Technology }
}

@inproceedings{KINTIS:2014:1,
	author = { Marinos Kintis and Nicos Malevris },
	title = { Using Data Flow Patterns for Equivalent Mutant Detection },
	booktitle = { Proceedings of the 2014 IEEE International Conference on Software Testing, Verification, and Validation Workshops },
	year = { 2014 },
	pages = { 196--205 }
}

@inproceedings{OFFUT:1996:1,
	author = { Jeff Offutt and Jie Pan },
	booktitle = { Computer Assurance, 1996. COMPASS, Systems Integrity. Software Safety. Process Security. Proceedings of the Eleventh Annual Conference on },
	title = { Detecting equivalent mutants and the feasible path problem },
	year = { 1996 },
	pages = { 224-236 }
}

@inproceedings{PAPADAKIS:2015:1,
	author = { Mike Papadakis and Yue Jia and Mark Harman and Yves Le Traon },
	booktitle = { 2015 IEEE/ACM 37th IEEE International Conference on Software Engineering },
	title = { Trivial Compiler Equivalence: A Large Scale Empirical Study of a Simple, Fast and Effective Equivalent Mutant Detection Technique },
	year = { 2015 },
	pages = { 936-946 }
}

@inproceedings{GRUN:2009:1,
	title = { The impact of equivalent mutants },
	author = { Bernhard JM Gr{\"u}n and David Schuler and Andreas Zeller },
	booktitle = { Software Testing, Verification and Validation Workshops. ICSTW. International Conference on },
	pages = { 192--199 },
	year = { 2009 }
}

@inproceedings{SHULER:2010:1,
	author = { David Schuler and Andreas Zeller },
	booktitle = { Third International Conference on Software Testing, Verification and Validation },
	title = { (Un-)Covering Equivalent Mutants },
	year = { 2010 },
	pages = { 45-54 }
}

@inproceedings{SHULER:2009:1,
	author = { David Schuler and Valentin Dallmeier and Andreas Zeller },
	title = { Efficient Mutation Testing by Checking Invariant Violations },
	booktitle = { Proceedings of the Eighteenth International Symposium on Software Testing and Analysis },
	year = { 2009 },
	pages = { 69--80 }
}

@inproceedings{JUST:2017:1,
	author = { Ren{\'e} Just and Bob Kurtz and Paul Ammann },
	title = { Inferring Mutant Utility from Program Context },
	booktitle = { Proceedings of the International Symposium on Software Testing and Analysis (ISSTA) },
	year = { 2017 }
}

@inproceedings{JUST:2011:1,
	title = { MAJOR: An efficient and extensible tool for mutation analysis in a {Java} compiler },
	author = { Rene Just and Franz Schweiggert and Gregory Kapfhammer },
	booktitle = { Proceedings of the 26th IEEE/ACM International Conference on Automated Software Engineering },
	pages = { 612--615 },
	year = { 2011 }
}

@inproceedings{FRASER:2011:1,
	author = { Gordon Fraser and Andrea Arcuri },
	title = { EvoSuite: automatic test suite generation for object-oriented software },
	booktitle = { Proceedings of the 19th ACM SIGSOFT Symposium and the 13th European Conference on Foundations of Software Engineering },
	year = { 2011 },
	pages = { 416--419 }
}

@inproceedings{OFFUT:2006:1,
	author = { Jeff Offutt and Yu-Seung Ma and Yong-Rae Kwon },
	title = { The Class-level Mutants of MuJava },
	booktitle = { Proceedings of the 2006 International Workshop on Automation of Software Test },
	year = { 2006 },
	pages = { 78--84 }
}

@inproceedings{PACHECO:2007:1,
	title = { Feedback-directed random test generation },
	author = { Carlos Pacheco and Shuvendu Lahiri and Michael Ernst and Thomas Ball },
	booktitle = { Proceedings of the 29th International Conference on Software Engineering },
	pages = { 75--84 },
	year = { 2007 }
}

@inproceedings{KINTIS:2016:1,
	title = { Analysing and Comparing the Effectiveness of Mutation Testing Tools: A Manual Study },
	author = { Marinos Kintis and Mike Papadakis and Andreas Papadopoulos and Evangelos Valvis and Nicos Malevris },
	booktitle = { Source Code Analysis and Manipulation (SCAM), 16th International Working Conference on },
	pages = { 147--156 },
	year = { 2016 }
}

@techreport{BALDWIN:1979:1,
	title = { Heuristics for Determining Equivalence of Program Mutations. },
	author = { Douglas Baldwin and Frederick Sayward },
	year = { 1979 },
	institution = { DTIC Document }
}

@book{VOAS:1997:1,
	title = { Software fault injection: inoculating programs against errors },
	author = { Jeffrey Voas and Gary McGraw },
	year = { 1997 },
	publisher = { John Wiley \& Sons, Inc. }
}

@book{JACKSON:2012:1,
	title = { Software Abstractions: logic, language, and analysis },
	author = { Daniel Jackson },
	year = { 2012 },
	publisher = { MIT press }
}

@inproceedings{JACKSON:2000:1,
	title = { Alcoa: the alloy constraint analyzer },
	author = { Daniel Jackson and Ian Schechter and Hya Shlyahter },
	booktitle = { Proceedings of the 22nd international conference on Software engineering },
	pages = { 730--733 },
	year = { 2000 }
}

@misc{PIT:2017, 
	title = {PITest Mutation Testing Tool for Java},
	url = {http://pitest.org/}, 
	note = {Accessed: 2017-05-20},
	year = {2017}
}

@misc{EclipseJDT:2016, 
	title = {{Eclipse JDT} core components}, 
	url = {https://eclipse.org/jdt/core/}, 
	note = {Accessed: 2016-09-30}
}

@phdthesis{MELINA:2017:1,
	author = { Melina Mongiovi },
	title = { Scaling Testing of Refactoring Engines },
	year = { 2017 },
	school = { Federal University of Campina Grande (UFCG) }
}

@inproceedings{JUST:2014:1,
	title = { Are mutants a valid substitute for real faults in software testing? },
	author = { Ren{\'e} Just and Darioush Jalali and Laura Inozemtseva and Michael Ernst and Reid Holmes and Gordon Fraser },
	booktitle = { Proceedings of the 22nd ACM SIGSOFT International Symposium on Foundations of Software Engineering },
	pages = { 654--665 },
	year = { 2014 }
}

@article{BUDD:1982:1,
	title = { Two notions of correctness and their relation to testing },
	author = { Timothy Budd and Dana Angluin },
	journal = { Acta Informatica },
	volume = { 18 },
	number = { 1 },
	pages = { 31--45 },
	year = { 1982 }
}


@book{alloy-book,
	author = {Daniel Jackson},
	title = {Software Abstractions: Logic, Language, and Analysis. 2nd edition},
	year = {2012},
	publisher = {The MIT Press},
} 

@inproceedings{alcoa,
	author = {Jackson, Daniel and Schechter, Ian and Shlyahter, Hya},
	title = {Alcoa: the {A}lloy constraint analyzer},
	booktitle = {Proceedings of the 31st {I}nternational {C}onference on {S}oftware {E}ngineering},
	publisher = {IEEE Computer Society},
	series = {ICSE},
	year = {2000},
	pages = {730--733},
	numpages = {4},
} 

@article{MONGIOVI:2017:1,
	author = { Melina Mongiovi and Rohit Gheyi and Gustavo Soares and M\'{a}rcio Ribeiro and Paulo Borba and Leopoldo Teixeira },
	journal = { IEEE Transactions on Software Engineering },
	title = { Detecting overly strong preconditions in refactoring engines },
	year = { 2017 },
	volume = { PP },
	number = { 99 },
	pages = { 1-1 }
}

@inproceedings{LAKHOTIA:2009:1,
	title = { Automated test data generation for coverage: Haven't we solved this problem yet? },
	author = { Kiran Lakhotia and Phil McMinn and Mark Harman },
	booktitle = { Testing: Academic and Industrial Conference-Practice and Research Techniques, 2009. TAIC PART'09. },
	pages = { 95--104 },
	year = { 2009 }
}

@inproceedings{ARTHO:2016:1,
	title = { Classification of randomly generated test cases },
	author = { Cyrille Artho and Lei Ma },
	booktitle = { Software Analysis, Evolution, and Reengineering (SANER), IEEE 23rd International Conference on },
	pages = { 29--32 },
	year = { 2016 }
}

@inproceedings{CORINA:2010:1,
	title = { Symbolic PathFinder: symbolic execution of {Java} bytecode },
	author = { Corina S. P{\u{a}}s{\u{a}}reanu and Neha Rungta },
	booktitle = { Proceedings of the IEEE/ACM international conference on Automated software engineering },
	pages = { 179--180 },
	year = { 2010 }
}

@inproceedings{PACHECO:2008:1,
	author = {Carlos Pacheco and Shuvendu Lahiri and Thomas Ball},
	title = {Finding Errors in .NET with Feedback-directed Random Testing},
	booktitle = {Proceedings of the International Symposium on Software Testing and Analysis},
	pages = {87--96},
	year = {2008}
}

@inproceedings{MA:2006:1,
	author = {Yu-Seung Ma and Jeff Offutt and Yong-Rae Kwon},
	title = {MuJava: A Mutation System for Java},
	booktitle = {Proceedings of the International Conference on Software Engineering},
	pages = {827--830},
	year = {2006}
}

@inproceedings{MA:2002:1,
	author = {Yu-Seung Ma, and Yong-Rae Kwon, and Jeff Offutt},
	title = {Inter-Class Mutation Operators for Java},
	booktitle = {Proceedings of the International Symposium on Software Reliability Engineering},
	year = {2002},
	pages = {352--}
} 

@inproceedings{UNTCH:1993:1,
	author = {Roland Untch and Jeff Offutt, and Mary Jean Harrold},
	title = {Mutation Analysis Using Mutant Schemata},
	booktitle = {Proceedings of the ACM SIGSOFT International Symposium on Software Testing and Analysis},
	year = {1993},
	pages = {139--148},
	organization = {ACM}
}

@inproceedings{PAPADAKIS:2016:1,
	title={Threats to the validity of mutation-based test assessment},
	author={Papadakis, Mike and Henard, Christopher and Harman, Mark and Jia, Yue and Le Traon, Yves},
	booktitle={Proceedings of the 25th International Symposium on Software Testing and Analysis},
	pages={354--365},
	year={2016},
	organization = {ACM}
}

@inproceedings{ALPERN:1988:1,
  title={Detecting equality of variables in programs},
  author={Alpern, Bowen and Wegman, Mark N and Zadeck, F Kenneth},
  booktitle={Proceedings of the 15th ACM SIGPLAN-SIGACT symposium on Principles of programming languages},
  pages={1--11},
  year={1988},
  organization={ACM}
}

@misc{WALA:2017, 
	title = {IBM T.J.Watson Research Center},
	url = {http://wala.sourceforge.net}, 
	note = {Accessed: 2017-08-15},
	year = {2017}
}


@inproceedings{ADAMOPOULOS:2004:1,
  title={How to overcome the equivalent mutant problem and achieve tailored selective mutation using co-evolution},
  author={Adamopoulos, Konstantinos and Harman, Mark and Hierons, Robert M},
  booktitle={Genetic and evolutionary computation conference},
  pages={1338--1349},
  year={2004}
}

@article{HOWDEN:1982,
  title={Weak mutation testing and completeness of test sets},
  author={Howden, William},
  journal={IEEE Transactions on Software Engineering},
  number={4},
  pages={371--379},
  year={1982},
  publisher={IEEE}
}

@inproceedings{WOODWARD:1988:1,
  title={From weak to strong, dead or alive? an analysis of some mutation testing issues},
  author={Woodward, Marting and Halewood, K},
  booktitle={Software Testing, Verification, and Analysis, 1988., Proceedings of the Second Workshop on},
  pages={152--158},
  year={1988},
  organization={IEEE}
}

@inproceedings{YAO:2014:1,
  title={A study of equivalent and stubborn mutation operators using human analysis of equivalence},
  author={Yao, Xiangjuan and Harman, Mark and Jia, Yue},
  booktitle={Proceedings of the 36th International Conference on Software Engineering},
  pages={919--930},
  year={2014},
  organization={ACM}
}

